@article{Maietti2010,
  title = {Joyal's Arithmetic Universe as List-Arithmetic Pretopos},
  author = {Maietti, Maria Emilia},
  journal={Theory \& Applications of Categories},
  volume={24},
  year={2010}
}


