@misc{Streicher2018,
      title={Fibered Categories à la Jean Bénabou}, 
      author={Thomas Streicher},
      year={2021},
      eprint={1801.02927},
      archivePrefix={arXiv},
      primaryClass={math.CT}
}
